@string{JAN = "Jan"}
@string{FEB = "Feb"}
@string{MAR = "Mar"}
@string{APR = "Apr"}
@string{MAY = "May"}
@string{JUN = "Jun"}
@string{JUL = "Jul"}
@string{AUG = "Aug"}
@string{SEP = "Sep"}
@string{OCT = "Oct"}
@string{NOV = "Nov"}
@string{DEC = "Dec"}

@string{PIEEE = "Proceedings of the IEEE"}
@string{IEEEJSAC = "IEEE J. Selected Areas in Communications"}
@string{IEEETN = "IEEE/ACM Trans. Networking"}
@string{IEEETCOM = "IEEE Trans. Communications"}
@string{IEEETT = "IEEE Trans. Information Theory"}
@string{INTERNETWORK = "Journal of Internetworking: Research and Experience"}
@string{IJCS = "International Journal on Communication Systems"}
@string{ACMTCS = "ACM Trans. Computer Systems"}
@string{JACM = "J. of the ACM"}
@string{MTA = "Multimedia Tools and Applications"}
@string{CC = "Computer Communications"}
@string{IPJ = "Internet Protocol Journal"}

@string{CACM = "Communications of the ACM"}
@string{COMPUTER = "IEEE Computer Magazine"}
@string{IEEECOM = "IEEE Communication Magazine"}
@string{IEEENET = "IEEE Network Magazine"}
@string{CCR = "SIGCOMM Comput. Commun. Rev."}
@string{TON = "IEEE/ACM Trans. Netw."}

@string{SBRC = "Anais SBRC"}
@string{IMW = "Proc. IMW"}
@string{IMC = "Proc. IMC"}
@string{INFOCOM = "Proc. IEEE INFOCOM"}
@string{GLOBECOM = "Proc. IEEE GLOBECOM"}
@string{GINET = "Proc. IEEE Global Internet Symp."}
@string{INET = "Proc. INET"}
@string{SIGCOMM = "Proc. ACM SIGCOMM"}
@string{MOBICOM = "Proc. ACM MOBICOM"}
@string{SIGMETRICS = "Proc. ACM SIGMETRICS"}
@string{HSNMC="Proc. High Speed Networking and Multimedia Computing Symp."}
@string{ICNP = "Proc. ICNP"}
@string{ICC = "Proc. Intl. Conference on Communications"}
@string{FTCS = "Proc. Intl. Symposium on Fault-Tolerant Computing"}
@string{USITS = "Proc. USENIX Symposium on Internet Technologies and Systems"}
@string{ICDCS = "Proc. ICDCS"}
@string{SOSP = "Proc. ACM SOSP"}
@string{NSDI = "Proc. USENIX NSDI"}
@string{OSDI = "Proc. USENIX OSDI"}
@string{ATC = "Proc. USENIX ATC"}
@string{FDNA = "ACM SIGCOMM FDNA"}
@string{PAM = "Proc. PAM"}
@string{HotNets = "Proc. SIGCOMM HotNets"}
@string{CONEXT = "Proc. ACM CoNEXT"}
@string{EUROSYS = "Proc. ACM EuroSys"}



% This file was created with JabRef 2.9.2.
% Encoding: UTF-8

@ARTICLE{6866035, 
author={Zilberman, N. and Audzevich, Y. and Covington, G.A. and Moore, A.W.}, 
journal={IEEE Micro}, 
title={{NetFPGA SUME: Toward 100 Gbps as Research Commodity}}, 
year={2014}, 
month={Sept}, 
volume={34}, 
number={5}, 
pages={32-41}, 
keywords={computer centres;field programmable gate arrays;network interfaces;peripheral interfaces;FPGA based PCI Express board;NetFPGA SUME;datacenter networks;firewall;multiport switch;network interface card;Bandwidth;Data centers;Field programmable gate arrays;Optical fiber networks;Ports (Computers);Random access memory;Transceivers;NetFPGA;high speed computing;networking;programmable hardware}, 
doi={10.1109/MM.2014.61}, 
ISSN={0272-1732},}

@inproceedings {180848,
author = {Teemu Rinta-aho and Mika Karlstedt and Madhav P. Desai},
title = {{The Click2NetFPGA Toolchain}},
booktitle = {Proc. USENIX ATC},
year = {2012},
}
isbn = {978-931971-93-5},
address = {Boston, MA},
pages = {77--88},
url = {https://www.usenix.org/conference/atc12/technical-sessions/presentation/rinta-aho},
publisher = {USENIX},
}

@inproceedings{borph,
  title={{BORPH: An Operating System for the NetFPGA Platform}},
  author={Brandon Kyle Hamilton and Hayden Kwok-Hay So},
  booktitle={Proc. NetFPGA Developers Workshop},
  year={2010}
}

@INPROCEEDINGS{5502019, 
author={Antichi, G. and Di Pietro, A. and Ficara, D. and Giordano, S. and Procissi, G. and Vitucci, F.}, 
booktitle={Proc. ICC},
title={{A Randomized Scheme for IP Lookup at Wire Speed on NetFPGA}}, 
year={2010}, 
}
pages={1-5},
keywords={IP networks;computer network security;cryptography;data structures;field programmable gate arrays;telecommunication network routing;telecommunication traffic;IP address lookup;NetFPGA board;blooming trees;data structure;hardware platform;links capacity;perfect hash function;randomized scheme;routers;traffic;Cams;Clocks;Communications Society;Data structures;Field programmable gate arrays;Hardware;Internet;Routing;Tree data structures;Wire}, 
doi={10.1109/ICC.2010.5502019}, 
ISSN={1550-3607},}
month={May}, 

@inproceedings{netfilter,
  title={{Using NetFPGA to Offload Linux Netfilter Firewall}},
  author={Mou-Sen Chen and Ming-Yi Liao and Pang-Wei Tsai and Mon-Yen Luo and Chu-Sing Yang and C. Eugene Yeh},
  booktitle={Proc. NetFPGA Developers Workshop},
  year={2010}
}

@inproceedings{Guo:2009:BHP:1592568.1592577,
 author = {Guo, Chuanxiong and Lu, Guohan and Li, Dan and Wu, Haitao and Zhang, Xuan and Shi, Yunfeng and Tian, Chen and Zhang, Yongguang and Lu, Songwu},
 title = {{BCube: A High Performance, Server-centric Network Architecture for
 Modular Data Centers}},
 booktitle = {Proc. SIGCOMM},
 year = {2009},
}
 isbn = {978-1-60558-594-9},
 location = {Barcelona, Spain},
 pages = {63--74},
 numpages = {12},
 url = {http://doi.acm.org/10.1145/1592568.1592577},
 doi = {10.1145/1592568.1592577},
 acmid = {1592577},
 publisher = {ACM},
 address = {New York, NY, USA},
 keywords = {modular data center, multi-path, server-centric network},


@inproceedings{NiranjanMysore:2009:PSF:1592568.1592575,
 author = {Mysore, Radhika N. and Pamboris, Andreas and Farrington, Nathan and Huang, Nelson and Miri, Pardis and Radhakrishnan, Sivasankar and Subramanya, Vikram and Vahdat, Amin},
 title = {{PortLand: A Scalable Fault-tolerant Layer 2 Data Center Network
 Fabric}},
 booktitle = {Proc. SIGCOMM},
 year = {2009},
}
 isbn = {978-1-60558-594-9},
 location = {Barcelona, Spain},
 pages = {39--50},
 numpages = {12},
 url = {http://doi.acm.org/10.1145/1592568.1592575},
 doi = {10.1145/1592568.1592575},
 acmid = {1592575},
 publisher = {ACM},
 address = {New York, NY, USA},
 keywords = {data center network fabric, layer 2 routing in data centers},
} 

@INPROCEEDINGS{6645624, 
author={Byma, S. and Steffan, J.G. and Chow, P.}, 
booktitle={Proc. Intl. Conf. on Field Programmable Logic and Applications (FPL)}, 
title={{NetThreads-10G: Software Packet Processing on NetFPGA-10G in a
Virtualized Networking Environment Demonstration Abstract}}, 
year={2013}, 
}
pages={1-1},
month={Sept}, 

@inproceedings{openpipes,
  title={{OpenPipes: Prototyping High-speed Networking Systems}},
  author={G. Gibb and D. Underhill and G. A. Covington and T. Yabe and N. McKeown},
  booktitle={ACM SIGCOMM Conference (Demo)},
  year={2009}
}

@inproceedings{dfa,
  title={{DFA-based Regular Expression Matching Engine on NetFPGA}},
  author={Y. Luo and S. Li and Y. Liu},
  booktitle={Proc. NetFPGA Developers Workshop},
  year={2009}
}

@inproceedings{multipath,
  title={{Fast Reroute and Multipath}},
  author={Mario Flajslik and Nekhil Handigol and James Zeng},
  booktitle={Proc. NetFPGA Developers Workshop},
  year={2009}
}

@inproceedings{airnetfpga,
  title={{AirFPGA: A Software Defined Radio Platform Based on NetFPGA}},
  author={James Zeng and Adam Covington and John Lockwood and Alex Tutor},
  booktitle={Proc. NetFPGA Developers Workshop},
  year={2009}
}

@INPROCEEDINGS{5290917, 
author={Covington, G.A. and Gibb, G. and Lockwood, J.W. and McKeown, N.}, 
booktitle={Proc. 17th IEEE Symp. on Field Programmable Custom Computing
Machines},
title={{A Packet Generator on the NetFPGA Platform}}, 
year={2009}, 
}
pages={235-238}, 
doi={10.1109/FCCM.2009.29},}
month={April}, 

@INPROCEEDINGS{1649119, 
author={Antonio Abelém and Serge Fdida and José Rezende and Dimitra Simeonidou and Marcos Salvador and Leandros Tassiulas}, 
booktitle={Testbeds and Research Infrastructures for the Development of
Networks and Communities (TRIDENTCOM)}, 
title={{FIBRE project: Brazil and Europe Unite Forces and Testbeds for the
Internet of the Future}}, 
year={2012}, 
month={}, 
}
pages={1-6}

@inproceedings{Naous:2008:NRR:1397718.1397720,
 author = {Naous, Jad and Gibb, Glen and Bolouki, Sara and McKeown, Nick},
 title = {{NetFPGA: Reusable Router Architecture for Experimental Research}},
 booktitle = {Proc. ACM Workshop on Programmable Routers for Extensible
 Services of Tomorrow (PRESTO)},
 year = {2008},
}
 isbn = {978-1-60558-181-1},
 location = {Seattle, WA, USA},
 pages = {1--7},
 numpages = {7},
 url = {http://doi.acm.org/10.1145/1397718.1397720},
 doi = {10.1145/1397718.1397720},
 acmid = {1397720},
 publisher = {ACM},
 address = {New York, NY, USA},
 keywords = {modular design, netfpga, reuse},
} 

@ARTICLE{4589059, 
author={Gibb, G. and Lockwood, J.W. and Naous, J. and Hartke, P. and McKeown, N.}, 
journal={IEEE Transactions on Education}, 
title={{NetFPGA: An Open Platform for Teaching How to Build Gigabit-Rate
Network Switches and Routers}}, 
year={2008}, 
month={Aug}, 
volume={51}, 
number={3}, 
pages={364-369}, 
keywords={Internet;field programmable gate arrays;network routing;protocols;switching;Internet;NetFPGA platform;field-programmable gate array;network routers;network switches;protocols;Australia;Data processing;Education;Embedded computing;Embedded software;Field programmable gate arrays;Hardware;Logic devices;Software libraries;Switches;Field-programmable gate arrays (FPGAs);Internet;networks;protocols;routing;switches}, 
doi={10.1109/TE.2008.919664}, 
ISSN={0018-9359},}

@UNPUBLISHED{ref5.15,
  author = {{AT\&T; BT; Broadcom Corporation; Tieto Corporation}},
  title = {{Virtual Function State Migration and Interoperability}},
  note = {\url{http://nfvwiki.etsi.org/index.php?title=Virtual_Function_State_Migration_and_Interoperability}},
  month = {Fevereiro},
  year = {2014},
  owner = {tocha},
  timestamp = {2014.03.06}
}

@ARTICLE{Bavier:2006:VVR:1151659.1159916,
  author = {Bavier, Andy and Feamster, Nick and Huang, Mark and Peterson, Larry
	and Rexford, Jennifer},
  title = {In VINI veritas: realistic and controlled network experimentation},
  journal = {SIGCOMM Comput. Commun. Rev.},
  year = {2006},
  volume = {36},
  pages = {3--14},
  month = aug,
  acmid = {1159916},
  address = {New York, NY, USA},
  doi = {http://doi.acm.org/10.1145/1151659.1159916},
  issn = {0146-4833},
  issue = {4},
  issue_date = {October 2006},
  keywords = {architecture, experimentation, internet, routing, virtualization},
  numpages = {12},
  publisher = {ACM}
}

@INPROCEEDINGS{Bifulco:2013,
  author = {Bifulco, R. and Dietz, T. and Huici, F. and Ahmed, M. and Martins,
	J. and Niccolini, S. and Kolbe, H.-J.},
  title = {Rethinking Access Networks with High Performance Virtual Software
	BRASes},
  booktitle = {Software Defined Networks (EWSDN), 2013 Second European Workshop
	on},
  year = {2013},
  pages = {7-12},
  month = {Oct},
  doi = {10.1109/EWSDN.2013.8},
  keywords = {IP networks;computer network performance evaluation;network servers;subscriber
	loops;telecommunication traffic;virtual machines;ClickOS;DSL traffic;IP
	point;access networks;broadband remote access servers;day-to-day
	operations;difficult-to-upgrade boxes;high performance virtual software
	BRAS;monolithic hardware boxes;network processing;operator policies;software
	BRAS prototype;software-based devices;tiny Xen virtual machine;virtualized
	devices;Finite element analysis;IP networks;Memory management;Performance
	evaluation;Servers;Software;Virtual machining;Access Network;Broadband
	network;Network Function Virtualization;Software-defined Networking}
}


@MISC{website:sdnrg86,
  author = {Briscoe, B. },
  title = {Network Functions Virtualisation},
  month = {November},
  year = {2013},
  url = {http://www.ietf.org/proceedings/86/slides/slides-86-sdnrg-1.pdf}
}

@MISC{website:carlos,
  author = {Carlos, J.},
  title = {Recomendacao para Implementacao Inicial de um Backbone IP-Multicast
	- CGI/Brasil},
  month = {November},
  year = {2011},
  url = {http://www.cgi.br/publicacoes/documentacao/ipmulticast.htm}
}

@UNPUBLISHED{ref5.16,
  author = {{CenturyLink; Certes; Cyan; Fortinet; RAD}},
  title = {{Multi-vendor Distributed NFV}},
  note = {\url{http://nfvwiki.etsi.org/images/NFVPER%2814%29000011_NFV_ISG_PoC_Proposal_-_Multi-vendor_Distributed_NFV.pdf}},
  month = {Fevereiro},
  year = {2014},
  owner = {tocha},
  timestamp = {2014.03.06}
}

@UNPUBLISHED{ref5.5,
  author = {{CIMI Corporation}},
  title = {{The CloudNFV Proof-of-Concept Was Approved by the ETSI ISG}},
  note = {\url{http://blog.cimicorp.com/?p=1553}},
  month = {Dezembro},
  year = {2013},
  owner = {tocha},
  timestamp = {2014.03.06}
}

@UNPUBLISHED{ref5.4,
  author = {{CloudNFV}},
  title = {{CloudNFV}},
  note = {\url{http://www.cloudnfv.com/}},
  owner = {tocha},
  timestamp = {2014.03.06}
}

@UNPUBLISHED{ref5.8,
  author = {{CloudNFV}},
  title = {{CloudNFV PoC Test Plan}},
  note = {\url{http://www.cloudnfv.com/CloudNFVPoCTestPlan.pdf}},
  owner = {tocha},
  timestamp = {2014.03.06}
}

@UNPUBLISHED{ref5.9,
  author = {{CloudNFV}},
  title = {{CloudNFV PoC Test Phase One}},
  note = {\url{http://www.cloudnfv.com/CloudNFVPoCTestPhaseOne.pdf}},
  owner = {tocha},
  timestamp = {2014.03.06}
}

@UNPUBLISHED{ref5.6,
  author = {{CloudNFV}},
  title = {{CloudNFV Open NFV Framework}},
  note = {\url{http://www.cloudnfv.com/CloudNFVPoCAsApproved.pdf\#page=1&zoom=auto,0,800}},
  year = {2014},
  owner = {tocha},
  timestamp = {2014.03.06}
}

@UNPUBLISHED{ref5.2,
  author = {Marc Cohn},
  title = {{NFV Insider's Perspective, Part 2: There's a Network in NFV - The
	Business Case for SDN}},
  note = {\url{http://www.sdncentral.com/education/nfv-insiders-perspective-part-2-theres-network-nfv-business-case-sdn/2013/09/}},
  month = {Setembro},
  year = {2013},
  institution = {SDNCentral},
  owner = {tocha},
  timestamp = {2014.03.06}
}

@BOOK{Cormen:2001:IA:580470,
  title = {Introduction to Algorithms},
  publisher = {McGraw-Hill Higher Education},
  year = {2001},
  author = {Cormen, Thomas H. and Stein, Clifford and Rivest, Ronald L. and Leiserson,
	Charles E.},
  edition = {2nd},
  isbn = {0070131511}
}

@INPROCEEDINGS{Csaszar:2013,
  author = {Cs\'{a}sz\'{a}r, Andr\'{a}s and John, Wolfgang and Kind, Mario and
	Meirosu, Catalin and Pongr\'{a}cz, Gergely and Staessens, Dimitri
	and Tak\'{a}cs, Attila and Westphal, Fritz-Joachim},
  title = {Unifying Cloud and Carrier Network: EU FP7 Project UNIFY},
  booktitle = {Proceedings of the 2013 IEEE/ACM 6th International Conference on
	Utility and Cloud Computing},
  year = {2013},
  series = {UCC '13},
  pages = {452--457},
  address = {Washington, DC, USA},
  publisher = {IEEE Computer Society},
  acmid = {2588653},
  doi = {10.1109/UCC.2013.89},
  isbn = {978-0-7695-5152-4},
  keywords = {UNIFY, SDN, NFV, service chaining},
  numpages = {6},
  url = {http://dx.doi.org/10.1109/UCC.2013.89}
}

@ARTICLE{Deering:1990:MRD:78952.78953,
  author = {Deering, Stephen E. and Cheriton, David R.},
  title = {Multicast routing in datagram internetworks and extended LANs},
  journal = {ACM Trans. Comput. Syst.},
  year = {1990},
  volume = {8},
  pages = {85--110},
  month = {May},
  acmid = {78953},
  address = {New York, NY, USA},
  doi = {http://doi.acm.org/10.1145/78952.78953},
  issn = {0734-2071},
  issue = {2},
  numpages = {26},
  publisher = {ACM}
}

@INPROCEEDINGS{dwertmann09mobile,
  author = {Christoph Dwertmann and Mesut Ali Ergin and Guillaume Jourjon and
	Maximilian Ott and Thierry Rakotoarivelo and Ivan Seskar and Marco
	Gruteser},
  title = {{DEMO: Mobile Experiments Made Easy with OMF/Orbit}},
  booktitle = {Proceedings of the {ACM SIGCOMM} 2009 (Demo Session)},
  year = {2009},
  month = {August},
  abstract = {OMF was originally developed for the (stationary) ORBIT wireless testbed
	at WINLAB, Rutgers University. Through active development and extensions
	at NICTA, it has now evolved into an independent framework, which
	supports heterogenous wired or wireless resources. OMF is one of
	the candidates currently being evaluated as potential testbed frameworks
	by both GENI2 and FIRE3 funded testbed initiatives, such as Onelab4.
	OMF is currently deployed and used on different testbeds in Australia,
	USA, and Europe.This demonstration showcases OMF's current capabilities
	with an experiment demonstrating a common investigative life cycle.},
  location = {Barcelona, Spain},
  pdf = {files/dwertmann09mobile.pdf}
}

@UNPUBLISHED{ref5.23,
  author = {{EANTC}},
  title = {{NFV World Showcase at the SDN \& OpenFlow World Congress}},
  note = {\url{http://www.eantc.com/showcases/NFV_Showcase/intro/}},
  month = {Outubro},
  year = {2013},
  owner = {tocha},
  timestamp = {2014.03.06}
}

@INPROCEEDINGS{faber:08,
  author = {Ted Faber and John Wroclawski},
  title = {Access Control for Federation of Emulab-based Network Testbeds},
  booktitle = {Proceedings of the conference on Cyber security experimentation and
	test},
  year = {2008},
  pages = {6:1--6:6},
  publisher = {USENIX Association}
}

@INPROCEEDINGS{Fayazbakhsh:2013,
  author = {Fayazbakhsh, Seyed Kaveh and Reiter, Michael K. and Sekar, Vyas},
  title = {Verifiable Network Function Outsourcing: Requirements, Challenges,
	and Roadmap},
  booktitle = {Proceedings of the 2013 Workshop on Hot Topics in Middleboxes and
	Network Function Virtualization},
  year = {2013},
  series = {HotMiddlebox '13},
  pages = {25--30},
  address = {New York, NY, USA},
  publisher = {ACM},
  acmid = {2535831},
  doi = {10.1145/2535828.2535831},
  isbn = {978-1-4503-2574-5},
  keywords = {middlebox, network function outsourcing (nfo), verification},
  location = {Santa Barbara, California, USA},
  numpages = {6},
  url = {http://doi.acm.org/10.1145/2535828.2535831}
}

@INPROCEEDINGS{Mogul:2013,
  author = {Fayazbakhsh, Seyed Kaveh and Sekar, Vyas and Yu, Minlan and Mogul,
	Jeffrey C.},
  title = {FlowTags: Enforcing Network-wide Policies in the Presence of Dynamic
	Middlebox Actions},
  booktitle = {Proceedings of the Second ACM SIGCOMM Workshop on Hot Topics in Software
	Defined Networking},
  year = {2013},
  series = {HotSDN '13},
  pages = {19--24},
  address = {New York, NY, USA},
  publisher = {ACM},
  acmid = {2491203},
  doi = {10.1145/2491185.2491203},
  isbn = {978-1-4503-2178-5},
  keywords = {middlebox, network policy enforcement,},
  location = {Hong Kong, China},
  numpages = {6},
  url = {http://doi.acm.org/10.1145/2491185.2491203}
}

@ARTICLE{Feamster:2013,
  author = {Feamster, Nick and Rexford, Jennifer and Zegura, Ellen},
  title = {The Road to SDN},
  journal = {Queue},
  year = {2013},
  volume = {11},
  pages = {20:20--20:40},
  number = {12},
  month = dec,
  acmid = {2560327},
  address = {New York, NY, USA},
  articleno = {20},
  doi = {10.1145/2559899.2560327},
  issn = {1542-7730},
  issue_date = {December 2013},
  numpages = {21},
  publisher = {ACM},
  url = {http://doi.acm.org/10.1145/2559899.2560327}
}

@ARTICLE{Gember:2013,
  author = {Gember, Aaron and Grandl, Robert and Khalid, Junaid and Akella, Aditya},
  title = {Design and Implementation of a Framework for Software-defined Middlebox
	Networking},
  journal = {SIGCOMM Comput. Commun. Rev.},
  year = {2013},
  volume = {43},
  pages = {467--468},
  number = {4},
  month = aug,
  acmid = {2491686},
  address = {New York, NY, USA},
  doi = {10.1145/2534169.2491686},
  issn = {0146-4833},
  issue_date = {October 2013},
  keywords = {middlebox, software-defined networking},
  numpages = {2},
  publisher = {ACM},
  url = {http://doi.acm.org/10.1145/2534169.2491686}
}

@INPROCEEDINGS{Gibb:2012,
  author = {Gibb, Glen and Zeng, Hongyi and McKeown, Nick},
  title = {Outsourcing Network Functionality},
  booktitle = {Proceedings of the First Workshop on Hot Topics in Software Defined
	Networks},
  year = {2012},
  series = {HotSDN '12},
  pages = {73--78},
  address = {New York, NY, USA},
  publisher = {ACM},
  acmid = {2342457},
  doi = {10.1145/2342441.2342457},
  isbn = {978-1-4503-1477-0},
  keywords = {jingling, middleboxes, network services, outsourcing, sdn},
  location = {Helsinki, Finland},
  numpages = {6},
  url = {http://doi.acm.org/10.1145/2342441.2342457}
}

@UNPUBLISHED{GS:NFV:POCs:2014,
  author = {{GS}},
  title = {{ETSI NFV Proofs of Concept}},
  note = {\url{http://www.etsi.org/technologies-clusters/technologies/nfv/nfv-poc}},
  month = {02},
  year = {2014},
  institution = {ETSI},
  timestamp = {2014.03.02}
}

@UNPUBLISHED{GS:NFV:FW:2013,
  author = {{GS}},
  title = {{ETSI GS NFV 002 V1.1.1: Network Functions Virtualisation (NFV);
	Architectural Framework}},
  note = {\url{http://www.etsi.org/deliver/etsi_gs/NFV/001_099/002/01.01.01_60/gs_NFV002v010101p.pdf}},
  month = {10},
  year = {2013},
  institution = {ETSI},
  timestamp = {2014.03.02}
}

@UNPUBLISHED{GS:NFV:UC:2013,
  author = {{GS}},
  title = {{ETSI GS NFV 001 V1.1.1: Network Functions Virtualisation (NFV); Use Cases}},
  note = {\url{http://www.etsi.org/deliver/etsi_gs/NFV/001_099/001/01.01.01_60/gs_NFV001v010101p.pdf}},
  month = {10},
  year = {2013},
  institution = {ETSI},
  timestamp = {2014.03.02}
}

@UNPUBLISHED{GS:NFV:VR:2013,
  author = {{GS}},
  title = {{ETSI GS NFV 004 V1.1.1: Network Functions Virtualisation (NFV);
	Virtualisation Requirements}},
  note = {\url{http://www.etsi.org/deliver/etsi_gs/NFV/001_099/004/01.01.01_60/gs_NFV004v010101p.pdf}},
  month = {10},
  year = {2013},
  institution = {ETSI},
  timestamp = {2014.03.02}
}


@ARTICLE{Gude:2008:NTO:1384609.1384625,
  author = {Gude, Natasha and Koponen, Teemu and Pettit, Justin and Pfaff, Ben
	and Casado, Mart\'{\i}n and McKeown, Nick and Shenker, Scott},
  title = {NOX: towards an operating system for networks},
  journal = {SIGCOMM Comput. Commun. Rev.},
  year = {2008},
  volume = {38},
  pages = {105--110},
  month = {July},
  acmid = {1384625},
  address = {New York, NY, USA},
  doi = {http://doi.acm.org/10.1145/1384609.1384625},
  issn = {0146-4833},
  issue = {3},
  keywords = {architecture, management, network, security},
  numpages = {6},
  publisher = {ACM}
}

@UNPUBLISHED{ref5.21,
  author = {{Intel Corporation}},
  title = {{Impressive Packet Processing Performance Enables Greater Workload
	Consolidation}},
  note = {\url{http://www.intel.com/content/dam/www/public/us/en/documents/solution-briefs/communications-packet-processing-brief.pdf}},
  year = {2012},
  owner = {tocha},
  timestamp = {2014.03.06}
}

@ARTICLE{Paul:2013,
  author = {Jain, R. and Paul, S.},
  title = {Network virtualization and software defined networking for cloud
	computing: a survey},
  journal = {Communications Magazine, IEEE},
  year = {2013},
  volume = {51},
  pages = {24-31},
  number = {11},
  month = {November},
  doi = {10.1109/MCOM.2013.6658648},
  issn = {0163-6804},
  keywords = {cloud computing;software radio;virtualisation;OpenADN;SDN applicability;application
	delivery;cloud computing;multicloud environment;network programmability;network
	virtualization;networking technologies;software defined networking;Cloud
	computing;Ports (Computers);Protocols;Standards;Virtualization}
}

@INPROCEEDINGS{Jin:2013,
  author = {Jin, Xin and Li, Li Erran and Vanbever, Laurent and Rexford, Jennifer},
  title = {SoftCell: Scalable and Flexible Cellular Core Network Architecture},
  booktitle = {Proceedings of the Ninth ACM Conference on Emerging Networking Experiments
	and Technologies},
  year = {2013},
  series = {CoNEXT '13},
  pages = {163--174},
  address = {New York, NY, USA},
  publisher = {ACM},
  acmid = {2535377},
  doi = {10.1145/2535372.2535377},
  isbn = {978-1-4503-2101-3},
  keywords = {architecture design, cellular core networks, software-defined networking},
  location = {Santa Barbara, California, USA},
  numpages = {12},
  url = {http://doi.acm.org/10.1145/2535372.2535377}
}

@INPROCEEDINGS{Agapiou:2013,
  author = {John, W. and Pentikousis, K. and Agapiou, G. and Jacob, E. and Kind,
	M. and Manzalini, A. and Risso, F. and Staessens, D. and Steinert,
	R. and Meirosu, C.},
  title = {Research Directions in Network Service Chaining},
  booktitle = {Future Networks and Services (SDN4FNS), 2013 IEEE SDN for},
  year = {2013},
  pages = {1-7},
  month = {Nov},
  doi = {10.1109/SDN4FNS.2013.6702549},
  keywords = {research and development;telecommunication network management;telecommunication
	security;NSC;carrier networks;carrier-grade telecommunication networks;network
	service chain;network service chaining;research directions;security
	considerations;service chain debugging;service chain deployment;service
	chain description;service chain programming;service deployment concept;standardization;Context;Hardware;Middleboxes;Optimization;Security;Software;Virtualization}
}

@INPROCEEDINGS{Keshav:1999:CM:850936.852461,
  author = {Keshav, S. and Paul, S.},
  title = {Centralized Multicast},
  booktitle = {Proceedings of the Seventh Annual International Conference on Network
	Protocols},
  year = {1999},
  series = {ICNP '99},
  pages = {59--},
  address = {Washington, DC, USA},
  publisher = {IEEE Computer Society},
  acmid = {852461},
  isbn = {0-7695-0412-4}
}

@INPROCEEDINGS{Kim:2009:DIR:1710035.1710076,
  author = {Kim, Euijun and Liu, Jing and Rhee, Boyoung and Cho, Sungchol and
	Kim, Heemin and Han, Sunyoung},
  title = {Design and implementation for reducing zapping time of IPTV over
	overlay network},
  booktitle = {Proceedings of the 6th International Conference on Mobile Technology,
	Application \&\#38; Systems},
  year = {2009},
  series = {Mobility '09},
  pages = {41:1--41:7},
  address = {New York, NY, USA},
  publisher = {ACM},
  acmid = {1710076},
  articleno = {41},
  doi = {http://doi.acm.org/10.1145/1710035.1710076},
  isbn = {978-1-60558-536-9},
  keywords = {IGMP, multicast, overlay multicast, zapping time},
  location = {Nice, France},
  numpages = {7}
}

@ARTICLE{Hyojoon:2013,
  author = {Hyojoon Kim and Feamster, N.},
  title = {Improving network management with software defined networking},
  journal = {Communications Magazine, IEEE},
  year = {2013},
  volume = {51},
  pages = {114-119},
  number = {2},
  month = {February},
  doi = {10.1109/MCOM.2013.6461195},
  issn = {0163-6804},
  keywords = {computer network management;high level languages;telecommunication
	security;SDN;complex high-level network policy;high-level policy
	language;logically centralized software program;low-level vendor-specific
	configuration;network management;packet forwarding device;secure
	communication;software defined networking;stop-gap solution;Ad hoc
	networks;Authentication;Control systems;Home automation;Logic gates;Software
	radio;Telecommunication network management}
}

@ARTICLE{Kobayashi:2013,
  author = {Masayoshi Kobayashi and Srini Seetharaman and Guru Parulkar and Guido
	Appenzeller and Joseph Little and Johan van Reijendam and Paul Weissmann
	and Nick McKeown},
  title = {Maturing of OpenFlow and Software-defined Networking through deployments
	},
  journal = {Computer Networks },
  year = {2013},
  pages = { - },
  number = {0},
  doi = {http://dx.doi.org/10.1016/j.bjp.2013.10.011},
  issn = {1389-1286},
  keywords = {OpenFlow},
  url = {http://www.sciencedirect.com/science/article/pii/S138912861300371X}
}

@ARTICLE{ref5.27,
  author = {Kohler, Eddie and Morris, Robert and Chen, Benjie and Jannotti, John
	and Kaashoek, M. Frans},
  title = {The Click Modular Router},
  journal = {ACM Trans. Comput. Syst.},
  year = {2000},
  volume = {18},
  pages = {263--297},
  number = {3},
  month = aug,
  acmid = {354874},
  address = {New York, NY, USA},
  doi = {10.1145/354871.354874},
  issn = {0734-2071},
  issue_date = {Aug. 2000},
  keywords = {component systems, routers, software router performance},
  numpages = {35},
  publisher = {ACM},
  url = {http://doi.acm.org/10.1145/354871.354874}
}

@INCOLLECTION{springerlink:10.1007/978-3-642-24755-2_30,
  author = {Kopsel, Andreas and Woesner, Hagen},
  title = {OFELIA Pan-European Test Facility for OpenFlow Experimentation},
  booktitle = {Towards a Service-Based Internet},
  publisher = {Springer Berlin / Heidelberg},
  year = {2011},
  volume = {6994},
  series = {Lecture Notes in Computer Science},
  pages = {311-312},
  isbn = {978-3-642-24754-5}
}

@INPROCEEDINGS{Lantz:2010:NLR:1868447.1868466,
  author = {Lantz, Bob and Heller, Brandon and McKeown, Nick},
  title = {A network in a laptop: rapid prototyping for software-defined networks},
  booktitle = {Proceedings of the Ninth ACM SIGCOMM Workshop on Hot Topics in Networks},
  year = {2010},
  series = {Hotnets '10},
  pages = {19:1--19:6},
  address = {New York, NY, USA},
  publisher = {ACM},
  acmid = {1868466},
  articleno = {19},
  doi = {http://doi.acm.org/10.1145/1868447.1868466},
  isbn = {978-1-4503-0409-2},
  keywords = {emulation, open-flow, rapid prototyping, software defined networking,
	virtualization},
  location = {Monterey, California},
  numpages = {6}
}

@INPROCEEDINGS{Manzalini:2013,
  author = {Manzalini, A. and Saracco, R.},
  title = {Software Networks at the Edge: A Shift of Paradigm},
  booktitle = {Future Networks and Services (SDN4FNS), 2013 IEEE SDN for},
  year = {2013},
  pages = {1-6},
  month = {Nov},
  doi = {10.1109/SDN4FNS.2013.6702555},
  keywords = {computer networks;ICT services;IT resources;distributed communication
	fabric;information and communication technology;network function
	virtualization;networking resources;resource aggregation;resource
	usage;software defined networks;Cellular phones;Computer architecture;Economics;Fabrics;Optimization;Protocols;Software}
}

@ARTICLE{4342827,
  author = {Martinez-Yelmo, I. and Larrabeiti, D. and Soto, I. and Pacyna, P.},
  title = {Multicast traffic aggregation in MPLS-based VPN networks},
  journal = {Communications Magazine, IEEE},
  year = {2007},
  volume = {45},
  pages = {78 -85},
  number = {10},
  month = {october },
  doi = {10.1109/MCOM.2007.4342827},
  issn = {0163-6804},
  keywords = {IP-MPLS multiservice network;MPLS-based VPN networks;multicast shared
	tree;multicast traffic aggregation;multiprotocol label switching;shared
	tree allocation;traffic engineering mechanism;virtual private networks;IP
	networks;multicast communication;multiprotocol label switching;trees
	(mathematics);virtual private networks;}
}

@INPROCEEDINGS{Martins:2013,
  author = {Martins, Joao and Ahmed, Mohamed and Raiciu, Costin and Huici, Felipe},
  title = {Enabling Fast, Dynamic Network Processing with clickOS},
  booktitle = {Proceedings of the Second ACM SIGCOMM Workshop on Hot Topics in Software
	Defined Networking},
  year = {2013},
  series = {HotSDN '13},
  pages = {67--72},
  address = {New York, NY, USA},
  publisher = {ACM},
  acmid = {2491195},
  doi = {10.1145/2491185.2491195},
  isbn = {978-1-4503-2178-5},
  keywords = {clickos, middleboxes, nfv, sdn, virtualization, xen},
  location = {Hong Kong, China},
  numpages = {6},
  url = {http://doi.acm.org/10.1145/2491185.2491195}
}

@INPROCEEDINGS{ref5.28,
  author = {Martins, Joao and Ahmed, Mohamed and Raiciu, Costin and Huici, Felipe},
  title = {Enabling Fast, Dynamic Network Processing with clickOS},
  booktitle = {Proceedings of the Second ACM SIGCOMM Workshop on Hot Topics in Software
	Defined Networking},
  year = {2013},
  series = {HotSDN '13},
  pages = {67--72},
  address = {New York, NY, USA},
  publisher = {ACM},
  acmid = {2491195},
  doi = {10.1145/2491185.2491195},
  isbn = {978-1-4503-2178-5},
  keywords = {clickos, middleboxes, nfv, sdn, virtualization, xen},
  location = {Hong Kong, China},
  numpages = {6},
  url = {http://doi.acm.org/10.1145/2491185.2491195}
}

@ARTICLE{McKeown:2008:OEI:1355734.1355746,
  author = {McKeown, Nick and Anderson, Tom and Balakrishnan, Hari and Parulkar,
	Guru and Peterson, Larry and Rexford, Jennifer and Shenker, Scott
	and Turner, Jonathan},
  title = {OpenFlow: enabling innovation in campus networks},
  journal = {SIGCOMM Comput. Commun. Rev.},
  year = {2008},
  volume = {38},
  pages = {69--74},
  month = {March},
  acmid = {1355746},
  address = {New York, NY, USA},
  doi = {http://doi.acm.org/10.1145/1355734.1355746},
  issn = {0146-4833},
  issue = {2},
  keywords = {ethernet switch, flow-based, virtualization},
  numpages = {6},
  publisher = {ACM}
}

@INPROCEEDINGS{Medina:2001:BAU:882459.882563,
  author = {Medina, Alberto and Lakhina, Anukool and Matta, Ibrahim and Byers,
	John},
  title = {BRITE: An Approach to Universal Topology Generation},
  booktitle = {Proceedings of the Ninth International Symposium in Modeling, Analysis
	and Simulation of Computer and Telecommunication Systems},
  year = {2001},
  series = {MASCOTS '01},
  pages = {346--},
  address = {Washington, DC, USA},
  publisher = {IEEE Computer Society},
  acmid = {882563},
  keywords = {topology generation, graph models, network topology, growth models,
	annotated topologies, simulation environments.}
}

@MISC{xmpp_0060:12,
  author = {Peter Millard and Peter Saint-Andre and Ralph Meijer},
  title = {{XEP-0060: Publish-Subscribe}},
  howpublished = {\url{http://xmpp.org/extensions/xep-0060.html}},
  year = {2012},
  note = {[\'{U}ltimo acesso: 06-Fevereiro-2012]}
}

@UNPUBLISHED{ref5.11,
  author = {Pau Minoves},
  title = {{Mantychore FP7: IP Networks as a Service}},
  note = {\url{http://dana.i2cat.net/mantychore-fp7-ip-networks-as-a-service/software/}},
  month = {novembro},
  year = {2010},
  owner = {tocha},
  timestamp = {2014.03.06}
}

@ARTICLE{ref5.13,
  author = {Minoves, Pau and Frendved Ole and Bo Peng and Mackarel Andrew and
	Wilson Dave},
  title = {Virtual CPE: Enhancing CPE's deployment and operations through virtualization},
  journal = {Cloud Computing Technology and Science (CloudCom)},
  year = {2012},
  volume = {2012 IEEE 4th International Conference},
  month = {Dezembro},
  doi = {10.1109},
  keywords = {{IP networks;cloud computing;virtual private networks;virtualisation;CPE
	deployment;CPE operations;European Community;IP NaaS framework;IP
	network as a service;Mantychore project;NREN;National Research and
	Education Networks;aggregated virtual CPE;configuration customization;customer
	premises equipment deployment;e-Infrastructure providers;equipment
	purchasing cost;multiple networks virtual CPE;network virtualization;policy
	customization;service portfolio enhancement;virtual network;Educational
	institutions;Europe;Hardware;IP networks;Routing protocols;Software;Virtualization;CPE;Network
	as a Service;network virtualization}},
  owner = {tocha},
  timestamp = {2014.03.06},
  url = {http://ieeexplore.ieee.org/stamp/stamp.jsp?tp=&arnumber=6427560&isnumber=6427477}
}

@INPROCEEDINGS{Naous:2008:IOS:1477942.1477944,
  author = {Naous, Jad and Erickson, David and Covington, G. Adam and Appenzeller,
	Guido and McKeown, Nick},
  title = {{Implementing an OpenFlow Switch on the NetFPGA Platform}},
  booktitle = {Proc. of the ACM/IEEE Symposium on Architectures for Networking
  and Communications Systems (ANCS)},
  year = {2008},
}
 series = {ANCS '08},
  pages = {1--9},
  address = {New York, NY, USA},
  publisher = {ACM},
  acmid = {1477944},
  doi = {http://doi.acm.org/10.1145/1477942.1477944},
  isbn = {978-1-60558-346-4},
  keywords = {NetFPGA, OpenFlow, computer networks, flow switching, packet switching,
	programmable networks},
  location = {San Jose, California},
  numpages = {9}
}

@UNPUBLISHED{ref5.18,
  author = {{NFV ISG}},
  title = {{On-going PoCs}},
  note = {\url{http://nfvwiki.etsi.org/index.php?title=On-going_PoCs}},
  institution = {ETSI},
  owner = {tocha},
  timestamp = {2014.03.06}
}

@UNPUBLISHED{ref5.25,
  author = {{NFV White Paper}},
  title = {{Network Functions Virtualisation: An Introduction, Benefits, Enablers,
	Challenges \& C all for Action. Issue 1}},
  note = {\url{http://portal.etsi.org/NFV/NFV_White_Paper.pdf}},
  month = {Outubro},
  year = {2012},
  comment = {SDN and OpenFlow World Congress},
  institution = {ETSI},
  owner = {tocha},
  timestamp = {2014.03.06}
}

@MISC{nitlab_cm:12,
  author = {NITLab},
  title = {{CM cards}},
  howpublished = {\url{http://nitlab.inf.uth.gr/NITlab/index.php/testbed/hardware/cm-card}},
  year = {2012},
  note = {[\'{U}ltimo acesso: 20-Janeiro-2012]}
}

@UNPUBLISHED{ref5.14,
  author = {{NTT; Cisco; HP; Juniper Networks}},
  title = {{Service Chaining for NW Function Selection in Carrier Networks}},
  note = {\url{http://nfvwiki.etsi.org/index.php?title=Service_Chaining_for_NW_Function_Selection_in_Carrier_Networks}},
  month = {Fevereiro},
  year = {2014},
  owner = {tocha},
  timestamp = {2014.03.06}
}

@MISC{omf_instguide:12,
  author = {OMF},
  title = {{OMF 5.4 installation guide}},
  howpublished = {\url{http://www.mytestbed.net/projects/omf/wiki/Installation_Guide_54}},
  year = {2012},
  note = {[\'{U}ltimo acesso: 20-Janeiro-2012]}
}

@MISC{omf_inventory:12,
  author = {OMF},
  title = {{Description of the OMF Inventory Schema}},
  howpublished = {\url{http://www.mytestbed.net/projects/omf/wiki/InstallationInventory_}},
  year = {2012},
  note = {[\'{U}ltimo acesso: 20-Janeiro-2012]}
}

@MISC{omf_oedl:12,
  author = {OMF},
  title = {{OEDL - The OMF Experiment Description Language}},
  howpublished = {\url{http://www.mytestbed.net/projects/omf/wiki/The_Experiment_Controller_API}},
  year = {2012},
  note = {[\'{U}ltimo acesso: 20-Janeiro-2012]}
}

@MISC{omf_prereq:12,
  author = {OMF},
  title = {{OMF System Prerequisites}},
  howpublished = {\url{http://mytestbed.net/projects/omf/wiki/Prerequisites}},
  year = {2012},
  note = {[\'{U}ltimo acesso: 20-Janeiro-2012]}
}

@MISC{omf_pxe:12,
  author = {OMF},
  title = {{PXE files}},
  howpublished = {\url{http://pkg.mytestbed.net/files/5.4/pxe/}},
  year = {2012},
  note = {[\'{U}ltimo acesso: 20-Janeiro-2012]}
}

@MISC{omf_sbc:12,
  author = {OMF},
  title = {{Low Cost Node Overview}},
  howpublished = {\url{http://www.mytestbed.net/projects/lcn/wiki}},
  year = {2012},
  note = {[\'{U}ltimo acesso: 20-Janeiro-2012]}
}

@MISC{omf_usage:12,
  author = {OMF},
  title = {{Tutorials on Controlling Testbed Resources}},
  howpublished = {\url{http://www.mytestbed.net/projects/omf/wiki/Advanced_Tutorials_for_Experimenters}},
  year = {2012},
  note = {[\'{U}ltimo acesso: 20-Janeiro-2012]}
}

@MISC{whitepaper:09,
  author = {OneLab2\_Executive\_Committee\_and\_guests},
  title = {{Whitepaper 01 - On Federations...}},
  howpublished = {\url{http://www.onelab.eu/images/PDFs/Whitepapers/onelab2_whitepaper01.pdf}},
  year = {2009},
  note = {[\'{U}ltimo acesso: 12-Fevereiro-2012]}
}

@UNPUBLISHED{ONF:SDN:NFV:2014,
  author = {{ONF}},
  title = {{OpenFlow-enabled SDN and Network Functions Virtualization}},
  note = {\url{https://www.opennetworking.org/images/stories/downloads/sdn-resources/solution-briefs/sb-sdn-nvf-solution.pdf}},
  month = {02},
  year = {2014},
  institution = {ONF},
  timestamp = {2014.03.02}
}

@UNPUBLISHED{ref5.10,
  author = {{OpenNaaS Community}},
  title = {{OpenNaaS: Open Platform For Network as a Service}},
  note = {\url{http://new.opennaas.org/}},
  owner = {tocha},
  timestamp = {2014.03.06}
}

@UNPUBLISHED{ref5.12,
  author = {{OpenNaaS Community}},
  title = {{OpenNaaS: Architecture}},
  note = {\url{http://new.opennaas.org/wp-content/uploads/2013/11/ONP_Sep2012.pdf}},
  owner = {tocha},
  timestamp = {2014.03.06}
}

@UNPUBLISHED{ref5.26,
  author = {{OpenStack}},
  title = {{OpenStack: Cloud Software}},
  note = {\url{https://www.openstack.org/}},
  owner = {tocha},
  timestamp = {2014.03.06}
}

@UNPUBLISHED{ref5.20,
  author = {{Open vSwitch}},
  title = {{Open vSwitch: An Open Virtual Switch}},
  note = {\url{http://openvswitch.org/}},
  owner = {tocha},
  timestamp = {2014.03.06}
}

@TECHREPORT{rfc-draft-quinn:2013,
  author = {P. Quinn, Ed. and T. Nadeau, Ed.},
  title = {Service Function Chaining Problem Statement},
  institution = {{IETF Secretariat}},
  year = {2013},
  type = {{Internet-Draft}},
  number = {draft-quinn-sfc-problem-statement-02.txt},
  month = Feb,
  day = {02},
  howpublished = {{Informational Draft}}
}

@INPROCEEDINGS{Merentitis:2013,
  author = {Patouni, E. and Merentitis, A. and Panagiotopoulos, P. and Glentis,
	A. and Alonistioti, N.},
  title = {Network Virtualisation Trends: Virtually Anything Is Possible by
	Connecting the Unconnected},
  booktitle = {Future Networks and Services (SDN4FNS), 2013 IEEE SDN for},
  year = {2013},
  pages = {1-7},
  month = {Nov},
  doi = {10.1109/SDN4FNS.2013.6702545},
  keywords = {Internet of Things;telecommunication computing;telecommunication network
	management;virtualisation;wireless sensor networks;Internet of Things;complex
	hardware-based appliances;disruptive networking paradigms;network
	function virtualization;network scalability;network service management;privacy
	considerations;proprietary hardware appliances;resource efficiency;sensor
	networks virtualization;software defined networking controlled wireless
	integration service;virtual cell management;Dynamic scheduling;Hardware;Internet;Resource
	management;Software;Virtualization;Wireless communication}
}

@INPROCEEDINGS{Paul:2002:SMR:838138.838216,
  author = {Paul, Pragyansmita and Raghavan, S. V.},
  title = {Survey of multicast routing algorithms and protocols},
  booktitle = {Proceedings of the 15th international conference on Computer communication},
  year = {2002},
  series = {ICCC '02},
  pages = {902--926},
  address = {Washington, DC, USA},
  publisher = {International Council for Computer Communication},
  acmid = {838216},
  isbn = {1-891365-08-8},
  location = {Mumbai, Maharashtra, India},
  numpages = {25}
}

@ARTICLE{Pentikousis:2013,
  author = {Pentikousis, K. and Yan Wang and Weihua Hu},
  title = {Mobileflow: Toward software-defined mobile networks},
  journal = {Communications Magazine, IEEE},
  year = {2013},
  volume = {51},
  pages = {44-53},
  number = {7},
  month = {July},
  doi = {10.1109/MCOM.2013.6553677},
  issn = {0163-6804},
  keywords = {innovation management;mobile radio;software radio;telecommunication
	traffic;ground-breaking network innovation;mobile carrier networks;mobileflow;software-defined
	mobile networks;subscriber traffic;wireless network;Control systems;IP
	networks;Mobile communication;Mobile computing;Technological innovation;Wireless
	communication}
}

@UNPUBLISHED{ref5.19,
  author = {Perrin, Sterling and Hubbard, Stan},
  title = {{White Paper: Practical Implementation of SDN \& NFV in the WAN}},
  note = {\url{http://networkbuilders.intel.com/docs/HR-Intel-SDN-WP.pdf}},
  month = {Outubro},
  year = {2013},
  owner = {tocha},
  timestamp = {2014.03.06}
}

@INPROCEEDINGS{Peterson:2006:EBP:1298455.1298489,
  author = {Peterson, Larry and Bavier, Andy and Fiuczynski, Marc E. and Muir,
	Steve},
  title = {Experiences building PlanetLab},
  booktitle = {Proceedings of the 7th symposium on Operating systems design and
	implementation},
  year = {2006},
  series = {OSDI '06},
  pages = {351--366},
  address = {Berkeley, CA, USA},
  publisher = {USENIX Association},
  acmid = {1298489},
  isbn = {1-931971-47-1},
  location = {Seattle, Washington},
  numpages = {16}
}

@MANUAL{sfa2:10,
  title = {{Slice-Based Federation Architecture}},
  author = {Larry Peterson and Robert Ricci and Aaron Falk and Jeff Chase},
  year = {2010},
  key = {sfa2}
}

@MANUAL{planetlab_sfa1:09jun,
  title = {{PlanetLab Implementation of the Slice-Based Facility Architecture}},
  author = {Larry Peterson and Soner Sevinc and Scott Baker and Tony Mack and
	Reid Moran and Faiyaz Ahmed},
  month = {jun},
  year = {2009},
  key = {plab_sfa1s}
}

@MANUAL{planetlab_sfa1:09sep,
  title = {{PlanetLab Implementation of the Slice-Based Facility Architecture}},
  author = {Larry Peterson and Soner Sevinc and Scott Baker and Tony Mack and
	Reid Moran and Faiyaz Ahmed},
  month = {sep},
  year = {2009},
  key = {plab_sfa1s}
}

@MANUAL{sfa1:09,
  title = {{Slice-Based Facility Architecture}},
  author = {Larry Peterson and Soner Sevinc and Jay Lepreau and Robert Ricci
	and John Wroclawski and Ted Faber and Stephen Schwab and Scott Baker},
  year = {2009},
  key = {sfa1}
}

@INPROCEEDINGS{Pongracz:2013,
  author = {Pongr\'{a}cz, Gergely and Moln\'{a}r, L\'{a}szl\'{o} and Kis, Zolt\'{a}n
	Lajos and Tur\'{a}nyi, Zolt\'{a}n},
  title = {Cheap Silicon: A Myth or Reality? Picking the Right Data Plane Hardware
	for Software Defined Networking},
  booktitle = {Proceedings of the Second ACM SIGCOMM Workshop on Hot Topics in Software
	Defined Networking},
  year = {2013},
  series = {HotSDN '13},
  pages = {103--108},
  address = {New York, NY, USA},
  publisher = {ACM},
  acmid = {2491204},
  doi = {10.1145/2491185.2491204},
  isbn = {978-1-4503-2178-5},
  keywords = {cost, data plane, efficiency, network processor, openflow, performance,
	power, software defined networking},
  location = {Hong Kong, China},
  numpages = {6},
  url = {http://doi.acm.org/10.1145/2491185.2491204}
}

@UNPUBLISHED{ref5.7,
  author = {{Project Clearwater}},
  title = {{Project Clearwater - IMS in the Cloud}},
  note = {\url{http://www.projectclearwater.org/}},
  owner = {tocha},
  timestamp = {2014.03.06}
}

@MISC{protogeni_api:12,
  author = {ProtoGENI\_Team},
  title = {{ProtoGENI API}},
  howpublished = {\url{http://www.protogeni.net/trac/protogeni/wiki/API}},
  year = {2012},
  note = {[\'{U}ltimo acesso: 12-Fevereiro-2012]}
}

@ARTICLE{Ratnasamy:2006:RIM:1151659.1159917,
  author = {Ratnasamy, Sylvia and Ermolinskiy, Andrey and Shenker, Scott},
  title = {Revisiting IP multicast},
  journal = {SIGCOMM Comput. Commun. Rev.},
  year = {2006},
  volume = {36},
  pages = {15--26},
  month = aug,
  acmid = {1159917},
  address = {New York, NY, USA},
  doi = {http://doi.acm.org/10.1145/1151659.1159917},
  issn = {0146-4833},
  issue = {4},
  issue_date = {October 2006},
  keywords = {multicas, routing},
  numpages = {12},
  publisher = {ACM}
}

@INPROCEEDINGS{Raychaudhuri:2005:ORG:1042447.1043730,
  author = {Raychaudhuri, D. and Ott, M. and Secker, I.},
  title = {ORBIT Radio Grid Tested for Evaluation of Next-Generation Wireless
	Network Protocols},
  booktitle = {Proceedings of the First International Conference on Testbeds and
	Research Infrastructures for the DEvelopment of NeTworks and COMmunities},
  year = {2005},
  series = {TRIDENTCOM '05},
  pages = {308--309},
  address = {Washington, DC, USA},
  publisher = {IEEE Computer Society},
  acmid = {1043730},
  doi = {10.1109/TRIDNT.2005.26},
  isbn = {0-7695-2219-X},
  numpages = {2},
  url = {http://dx.doi.org/10.1109/TRIDNT.2005.26}
}

@ARTICLE{Rhodes:2013,
  author = {Rhodes, D.J. and Zawadzki, M.K. and Jones, W.V. and Canty, C.L.},
  title = {Walk the Line},
  journal = {Industry Applications Magazine, IEEE},
  year = {2007},
  volume = {13},
  pages = {36-41},
  number = {2},
  month = {March},
  doi = {10.1109/MIA.2007.322257},
  issn = {1077-2618},
  keywords = {paper industry;paper making machines;steam turbines;Pulp and Paper
	Industry Conference;lineshaft-driven paper machines;steam turbine;Acceleration;Angular
	velocity;Control systems;Delay effects;Kinetic energy;Paper making
	machines;Physics;Pulp and paper industry;Torque;Wire}
}

@INPROCEEDINGS{Risso:2013,
  author = {Risso, F. and Manzalini, A. and Nemirovsky, M.},
  title = {Some Controversial Opinions on Software-Defined Data Plane Services},
  booktitle = {Future Networks and Services (SDN4FNS), 2013 IEEE SDN for},
  year = {2013},
  pages = {1-7},
  month = {Nov},
  doi = {10.1109/SDN4FNS.2013.6702558},
  keywords = {computer network management;virtualisation;NFV;NSC;SDN;control plane;data
	plane;network functions virtualization;network service chaining;northbound
	interfaces;programmability;programmable platform;software defined
	networks;software-defined data plane services;southbound interfaces;Data
	models;Hardware;Software;Standards;Telecommunications;Virtualization}
}

@UNPUBLISHED{ref5.30,
  author = {Rizzo, Luigi},
  title = {{netmap: a novel framework for fast packet I/O}},
  booktitle = {ACM CoNEXT},
  year = {2012}
}
  owner = {tocha},
  timestamp = {2014.03.06}
  note = {Usenix ATC'12 (Best paper award), Boston, USA, Junho, 2012},

@CONFERENCE{ref5.29,
  author = {Rizzo, Luigi and Lettieri, Giuseppe},
  title = {{VALE: a switched ethernet for virtual machines}},
  booktitle = {ACM CoNEXT'2012, Nice, France},
  year = {2012},
  month = {Dezembro},
  note = {\url{http://conferences.sigcomm.org/co-next/2012/program.html}},
  owner = {tocha},
  timestamp = {2014.03.06}
}

@UNPUBLISHED{ref5.24,
  author = {Carsten Rossenh�vel},
  title = {{White Paper: NFV World Showcase 2013 - Provisioning, Portability
	and Elasticity}},
  note = {\url{http://www.eantc.de/fileadmin/eantc/downloads/events/2011-2015/SDNOF2013/EANTC-NFV2013-WhitePaper_Final.pdf}},
  month = {Outubro},
  year = {2013},
  owner = {tocha},
  timestamp = {2014.03.06}
}

@ARTICLE{oflops,
  author = {Rotsos, C. and Sarrar, N. and Uhlig, S. and Sherwood, R. and Moore,
	A. W.},
  title = {OFLOPS: An Open Framework for OpenFlow Switch Evaluation},
  journal = {13th Passive and Active Measurement Conference},
  year = {2012},
  note = {(to appear)}
}

@INPROCEEDINGS{Samdanis:2013,
  author = {Samdanis, Konstantinos and Kunz, Andreas and Hossain, Mohammad Istiak
	and Taleb, Tarik},
  title = {Virtual bearer management for efficient MTC radio and backhaul sharing
	in LTE networks},
  booktitle = {Personal Indoor and Mobile Radio Communications (PIMRC), 2013 IEEE
	24th International Symposium on},
  year = {2013},
  pages = {2780-2785},
  month = {Sept},
  doi = {10.1109/PIMRC.2013.6666620},
  issn = {2166-9570},
  keywords = {Logic gates;Long Term Evolution;Performance evaluation;Quality of
	service;Resource management;Servers;Uplink}
}

@INPROCEEDINGS{sanchez:11,
  author = {Alejandro Sanchez and Ingrid Moerman and Stefan Bouckaert and Daniel
	Willkomm and Jan Hauer and Nicola Michailow and Gerhard Fettweis
	and Luiz DaSilva and Justin Tallon and Sofie Pollin},
  title = {{Testbed Federation: An Approach for Experimentation-Driven Research
	in Cognitive Radios and Cognitive Networking}},
  booktitle = {Proceedings of the Future Network Summit},
  year = {2011},
  pages = {1--9},
  optpublisher = {USENIX Association}
}

@BOOK{Savetz:1995:MMT:546729,
  title = {MBONE: Multicasting Tomorrow's Internet},
  publisher = {IDG Books Worldwide, Inc.},
  year = {1995},
  author = {Savetz, Kevin and Randall, Neil and Lepage, Yves},
  address = {Foster City, CA, USA},
  edition = {1st},
  isbn = {1568847238}
}

@INPROCEEDINGS{Sezer:2013,
  author = {Scott-Hayward, S. and O'Callaghan, G. and Sezer, S.},
  title = {Sdn Security: A Survey},
  booktitle = {Future Networks and Services (SDN4FNS), 2013 IEEE SDN for},
  year = {2013},
  pages = {1-7},
  month = {Nov},
  doi = {10.1109/SDN4FNS.2013.6702553},
  keywords = {computer network security;SDN framework;SDN security;network device
	programmability;network intruder;network operator;network visibility;software-defined
	networking;Computer crime;Control systems;Monitoring;Proposals;Protocols;Virtualization}
}

@ARTICLE{Miller:2013,
  author = {Sezer, S. and Scott-Hayward, S. and Chouhan, P.K. and Fraser, B.
	and Lake, D. and Finnegan, J. and Viljoen, N. and Miller, M. and
	Rao, N.},
  title = {Are we ready for SDN? Implementation challenges for software-defined
	networks},
  journal = {Communications Magazine, IEEE},
  year = {2013},
  volume = {51},
  pages = {36-43},
  number = {7},
  month = {July},
  doi = {10.1109/MCOM.2013.6553676},
  issn = {0163-6804},
  keywords = {cloud computing;computer centres;computer network management;computer
	network performance evaluation;computer network security;open systems;quality
	of service;software radio;virtual private networks;virtualisation;SDN;carrier
	grade network;cloud service;data center;energy efficient networking;interoperability;network
	operator;network performance;network scalability;network security;quality
	of service;software defined network;virtualization technology;Cloud
	computing;Data centers;Network security;Quality of service;Routing;Switches}
}

@INPROCEEDINGS{Salvadori:2013,
  author = {Siracusa, D. and Salvadori, E. and Rasheed, T.},
  title = {Edge-To-Edge Virtualization and Orchestration in Heterogeneous Transport
	Networks},
  booktitle = {Future Networks and Services (SDN4FNS), 2013 IEEE SDN for},
  year = {2013},
  pages = {1-6},
  month = {Nov},
  doi = {10.1109/SDN4FNS.2013.6702537},
  keywords = {computer network management;virtualisation;Internet services;NV;SDN;circuit-switched
	technologies;computing resource mobilization;edge-to-edge orchestration;edge-to-edge
	virtualization;heterogeneous transport networks;network infrastructure;network
	virtualization;packet-switched technologies;resource control;resource
	management;resource optimization;software defined networking;storage
	resource mobilization;Business;Indium phosphide;Optical fiber networks;Optical
	packet switching;Optical switches;Substrates;Virtualization}
}

@INPROCEEDINGS{stasi:09,
  author = {Giovanni Di Stasi and Stefano Avallone and Roberto Canonico},
  title = {Integration of OMF-Based Testbeds in a Global-Scale Networking Facility},
  booktitle = {Quality of Service in Heterogeneous Networks},
  year = {2009},
  series = {Lecture Notes of the Institute for Computer Sciences, Social Informatics
	and Telecommunications Engineering},
  pages = {545--555},
  publisher = {Springer Berlin Heidelberg},
  isbn = {978-3-642-10625-5}
}

@UNPUBLISHED{ref5.17,
  author = {{Telefonica; Sprint; Intel; Cyan; Red Hat; Dell; Connectem}},
  title = {{E2E vEPC Orchestration in a multi-vendor open NFVI environment}},
  note = {\url{http://nfvwiki.etsi.org/images/NFVPER%2814%29000010r2_NFV_ISG_PoC_Proposal-E2E_vEPC_Orchestration.pdf}},
  month = {Fevereiro},
  year = {2014},
  owner = {tocha},
  timestamp = {2014.03.06}
}

@ARTICLE{Thyagarajan:1995:HDM:217391.217411,
  author = {Thyagarajan, Ajit S. and Deering, Stephen E.},
  title = {Hierarchical distance-vector multicast routing for the MBone},
  journal = {SIGCOMM Comput. Commun. Rev.},
  year = {1995},
  volume = {25},
  pages = {60--66},
  month = {October},
  acmid = {217411},
  address = {New York, NY, USA},
  doi = {http://doi.acm.org/10.1145/217391.217411},
  issn = {0146-4833},
  issue = {4},
  issue_date = {Oct. 1995},
  numpages = {7},
  publisher = {ACM}
}

@INPROCEEDINGS{Tootoonchian:2010:HDC:1863133.1863136,
  author = {Tootoonchian, Amin and Ganjali, Yashar},
  title = {HyperFlow: a distributed control plane for OpenFlow},
  booktitle = {Proceedings of the 2010 internet network management conference on
	Research on enterprise networking},
  year = {2010},
  series = {INM/WREN'10},
  pages = {3--3},
  address = {Berkeley, CA, USA},
  publisher = {USENIX Association},
  acmid = {1863136},
  location = {San Jose, CA},
  numpages = {1}
}

@BOOK{tronco:10,
  title = {{New Network Architectures -- The Path to the Future Internet}},
  publisher = {Springer-Verlag Berlin Heidelberg},
  year = {2010},
  author = {Tania Tronco},
  address = {Warsaw, Poland},
  edition = {1st},
  isbn = {978-3-642-13246-9}
}

@INPROCEEDINGS{Caraguay:2013,
  author = {Valdivieso Caraguay, A.L. and Barona Lopez, L.I. and Garcia Villalba,
	L.J.},
  title = {Evolution and Challenges of Software Defined Networking},
  booktitle = {Future Networks and Services (SDN4FNS), 2013 IEEE SDN for},
  year = {2013},
  pages = {1-7},
  month = {Nov},
  doi = {10.1109/SDN4FNS.2013.6702542},
  keywords = {computer network management;internetworking;Openflow architecture;SDN
	applications;SDN infrastructure;control plane;data plane;network
	architectures;network behavior;packet forwarding engines;production
	networks;software defined networking;Computer architecture;Control
	systems;Production;Protocols;Security;Software;Virtualization}
}

@INPROCEEDINGS{Wang:2011:OSL:1972422.1972438,
  author = {Wang, Richard and Butnariu, Dana and Rexford, Jennifer},
  title = {OpenFlow-based server load balancing gone wild},
  booktitle = {Proceedings of the 11th USENIX conference on Hot topics in management
	of internet, cloud, and enterprise networks and services},
  year = {2011},
  series = {Hot-ICE'11},
  pages = {12--12},
  address = {Berkeley, CA, USA},
  publisher = {USENIX Association},
  acmid = {1972438},
  location = {Boston, MA},
  numpages = {1}
}

@ARTICLE{white:02,
  author = {Brian White and Jay Lepreau and Leigh Stoller and Robert Ricci and
	Shashi Guruprasad and Mac Newbold and Mike Hibler and Chad Barb and
	Abhijeet Joglekar},
  title = {An integrated experimental environment for distributed systems and
	networks},
  journal = {SIGOPS Oper. Syst. Rev.},
  year = {2002},
  volume = {36},
  pages = {255--270},
  month = dec,
  acmid = {844152},
  address = {New York, NY, USA},
  doi = {http://doi.acm.org/10.1145/844128.844152},
  issn = {0163-5980},
  issue = {SI},
  issue_date = {Winter 2002},
  numpages = {16},
  publisher = {ACM},
  url = {http://doi.acm.org/10.1145/844128.844152}
}

@UNPUBLISHED{ref5.22,
  author = {{Wind River}},
  title = {{Wind River Open Virtualization: Enabling Network Functions Virtualization
	Without Compromises}},
  note = {\url{http://www.windriver.com/products/open-virtualization-profile/}},
  year = {2014},
  owner = {tocha},
  timestamp = {2014.03.06}
}

@MISC{xu2013,
  author = {W. Xu and Y. Jiang and C. Zhou},
  title = {Data Models for Network Functions Virtualization},
  month = {September},
  year = {2013},
  organization = {Internet Engineering Task Force},
  publisher = {IETF},
  series = {Internet Draft},
  url = {http://tools.ietf.org/html/draft-xjz-nfv-model-datamodel-00}
}

@INPROCEEDINGS{Yap:2010:TSN:1851276.1851288,
  author = {Yap, Kok-Kiong and Huang, Te-Yuan and Dodson, Ben and Lam, Monica
	S. and McKeown, Nick},
  title = {Towards software-friendly networks},
  booktitle = {Proceedings of the first ACM asia-pacific workshop on Workshop on
	systems},
  year = {2010},
  series = {APSys '10},
  pages = {49--54},
  address = {New York, NY, USA},
  publisher = {ACM},
  acmid = {1851288},
  doi = {http://doi.acm.org/10.1145/1851276.1851288},
  isbn = {978-1-4503-0195-4},
  keywords = {network os, network services, openflow, software-defined networks},
  location = {New Delhi, India},
  numpages = {6}
}

@MISC{Ciosi:2013,
  optauthor = {Ciosi, M., et al},
  opthowpublished = {Technical report, ETSI, Darmstadt, Germany},
  opttitle = {Network functions virtualization},
  optyear = {2013},
  url = {http://portal.etsi.org/NFV/NFV_White_Paper.pdf}
}

@MISC{trilogy2,
  title = {{EU FP7 Trilogy2 project: Building the Liquid Net}},
  howpublished = {http://www.trilogy2.org/},
  year = {2014},
  owner = {Christian},
  timestamp = {2014.03.16}
}

@MISC{REF-ARQ-FWK,
  title = {{Network Functions Virtualization (NFV); Architectural Framework"}},
  year = {2013},
  organization = {ETSI},
  publisher = {ETSI},
  series = {GS NFV 002 V1.1.1, 2013}
}

@MISC{website:performance,
  title = {Controller Performance Comparison},
  month = {November},
  year = {2011},
  url = {http://www.openflow.org/wk/index.php/ Controller\_Performance\_Comparisons}
}

@MANUAL{x667:04,
  title = {Information technology -- Open Systems Interconnection -- Procedures
	for the operation of OSI Registration Authorities: Generation and
	registration of Universally Unique Identifiers (UUIDs) and their
	use as ASN.1 object identifier components},
  year = {2004},
  key = {x667}
}

@comment{jabref-meta: selector_publisher:}

@comment{jabref-meta: selector_author:}

@comment{jabref-meta: selector_journal:}

@comment{jabref-meta: selector_keywords:}

@book{reforgiato12netfpga,
  title={{NetFPGA Architecture and Hardware Description: An Insight of the
	  NetFPGA Platform}},
  author={D. Reforgiato and F. Battaglia},
  year={2012},
  publisher={Lambert Academic Publishing}
}
  url={http://books.google.com.br/books?id=7U1yMAEACAAJ},
  isbn={9783659182136},

@inproceedings{yu13opensketch,
 author = {Yu, Minlan and Jose, Lavanya and Miao, Rui},
 title = {{Software Defined Traffic Measurement with OpenSketch}},
 booktitle = {Proc. NSDI},
 year = {2013},
}
 location = {Lombard, IL},
 pages = {29--42},
 publisher = {USENIX Association},
 address = {Berkeley, CA, USA}
} 

 numpages = {14},
 url = {http://dl.acm.org/citation.cfm?id=2482626.2482631},
 acmid = {2482631},


@inproceedings{ghani10secure,
  title={{Secure In-Packet Bloom Filter Forwarding on the NetFPGA}},
  author={A. Ghani and P. Nikander},
  booktitle={Proc. NetFPGA Developers Workshop},
  year={2010}
}

@inproceedings{thinh12fpga,
  title={{A FPGA-based Deep Packet Inspection Engine for Network
	  Intrusion Detection System}},
  author={T. N. Thinh and T. T. Hieu and S. Kittitornkun},
  booktitle={Proc. of ECTI-CON},
  year={2012},
}
  organization={IEEE}
  Intl. Conf. on Electrical Engineering/Electronics, Computer, Telecommunications and Information Technology (ECTI-CON), 2012 9th International Conference on},
  pages={1--4},

@inproceedings{antichi12open,
  title={{An Open Hardware Implementation of CUSUM-Based Network Anomaly
	  Detection}},
  author={G. Antichi and C. Callegari and S. Giordano},
  booktitle={Proc. GLOBECOM},
  year={2012},
}
  pages={2760--2765},
  organization={IEEE}

@inproceedings{kwasi2014high,
  title={High-resolution hardware-based packet capture with higher-layer pass-through on NetFPGA card},
  author={Kwasi, Yaovi E and Rojas-Cessa, Roberto},
  booktitle={Wireless and Optical Communication Conference (WOCC), 2014 23rd},
  pages={1--6},
  year={2014},
  organization={IEEE}
}

@inproceedings{antichi2013implementation,
  title={Implementation of TCP large receive offload on open hardware platform},
  author={Antichi, Gianni and Callegari, Christian and Giordano, Stefano},
  booktitle={Proceedings of the first edition workshop on High performance and programmable networking},
  pages={15--22},
  year={2013},
  organization={ACM}
}

@inproceedings{yin12scalable,
  title={{Scalable MapReduce Framework on FPGA Accelerated Commodity
	  Hardware}},
  author={D. Yin and G. Li},
  booktitle={Internet of Things, Smart Spaces, and Next Generation Networking},
  year={2012},
}
  publisher={Springer}
  pages={280--294},

@misc{xilinx101ise,
  title = {{ISE Design Tool}},
  author = {Xilinx},
  howpublished = {\url{http://www.xilinx.com/itp/xilinx10/books/docs/irn/irn.pdf}},
}

@book{khalid2012high,
  title={{High Speed NetFPGA Router: A Step by Step Guide on Developing a High
	  Speed Router on NetFPGA Board}},
  author={A. Khalid},
  year={2012},
  publisher={Lambert Academic Publishing}
}
  isbn={9783848417506},
  url={http://books.google.com.br/books?id=U-hytgAACAAJ},

@inproceedings{gupta14ssd,
 author = {A. Gupta and L. Vanbever and M. Shahbaz and S. P. Donovan
	 and B. Schlinker and N. Feamster and J. Rexford and S. Shenker
		and R. Clark and E. Katz-Bassett},
 title = {{SDX: A Software Defined Internet Exchange}},
 booktitle = SIGCOMM,
 year = {2014},
} 
 series = {SIGCOMM '14},
 isbn = {978-1-4503-2836-4},
 location = {Chicago, Illinois, USA},
 pages = {551--562},
 numpages = {12},
 url = {http://doi.acm.org/10.1145/2619239.2626300},
 doi = {10.1145/2619239.2626300},
 acmid = {2626300},
 publisher = {ACM},
 address = {New York, NY, USA},
 keywords = {BGP, internet exchange point (IXP), software defined networking (SDN)},


@article{konorski12trends,
year={2012},
journal={{Recent Trends in Computer Networks and Distributed Systems
	Security}},
volume={335},
title={{A Virtualization-Level Future Internet Defense-in-Depth Architecture}},
author={J. Konorski and P. Pacyna and G. Kolaczek and Z. Kotulski
	and K. Cabaj and P. Szalachowski},
pages={283--292},
}
editor={Thampi, SabuM. and Zomaya, AlbertY. and Strufe, Thorsten and Alcaraz Calero, JoseM. and Thomas, Tony},
doi={10.1007/978-3-642-34135-9_29},
language={English}
series={Communications in Computer and Information Science},
isbn={978-3-642-34134-2},
url={http://dx.doi.org/10.1007/978-3-642-34135-9_29},
publisher={Springer Berlin Heidelberg},
keywords={Future Internet; virtualization; security architecture; HMAC; anomaly detection; reputation system},

@inproceedings{shahbaz2013arch,
  title={{Architecture for an Open Source Network Tester}},
  author={M. Shahbaz and G. Antichi and Y. Geng and N. Zilberman and
	  A. Covington and M. Bruyere and N. Feamster and N. McKeown
		  and B. Felderman and M. Blott},
  booktitle={Proc. ACM/IEEE Symp. on Architectures for Networking and Comm. Systems},
  year={2013}
}
  organization={IEEE Press}
  pages={123--124},

@inproceedings{bosshart13fmf,
 author = {P. Bosshart and G. Gibb and H.-S. Kim and G. Varghese and
	 N. McKeown and M. Izzard and F. Mujica and M. Horowitz},
 title = {{Forwarding Metamorphosis: Fast Programmable Match-action Processing
	 in Hardware for SDN}},
 booktitle = SIGCOMM,
 year = {2013},
}
 isbn = {978-1-4503-2056-6},
 location = {Hong Kong, China},
 pages = {99--110},
 numpages = {12},
 url = {http://doi.acm.org/10.1145/2486001.2486011},
 doi = {10.1145/2486001.2486011},
 acmid = {2486011},
 publisher = {ACM},
 address = {New York, NY, USA},
 keywords = {reconfigurable match tables, rmt model, sdn},


@inproceedings{ager12ixp,
 author = {Ager, B. and Chatzis, N. and Feldmann, A. and Sarrar, N. and Uhlig, S. and Willinger, W.},
 title = {{Anatomy of a Large European IXP}},
 booktitle = SIGCOMM,
 year = {2012},
}
 isbn = {978-1-4503-1419-0},
 location = {Helsinki, Finland},
 pages = {163--174},
 numpages = {12},
 url = {http://doi.acm.org/10.1145/2342356.2342393},
 doi = {10.1145/2342356.2342393},
 acmid = {2342393},
 publisher = {ACM},
 address = {New York, NY, USA},
 keywords = {internet exchange points, internet topology, traffic characterization},
}

@inproceedings{augustin09ixp,
 author = {Augustin, B. and Krishnamurthy, B. and Willinger, W.},
 title = {{IXPs: Mapped?}},
 booktitle = IMC,
 year = {2009},
}
 isbn = {978-1-60558-771-4},
 location = {Chicago, Illinois, USA},
 pages = {336--349},
 numpages = {14},
 url = {http://doi.acm.org/10.1145/1644893.1644934},
 doi = {10.1145/1644893.1644934},
 acmid = {1644934},
 publisher = {ACM},
 address = {New York, NY, USA},
 keywords = {ixp, peering, traceroute},
}

@article{spring04rocket,
 author = {Spring, N. and Mahajan, R. and Wetherall, D. and Anderson, T.},
 title = {{Measuring ISP Topologies with Rocketfuel}},
 journal = TON,
 volume = {12},
 number = {1},
 year = {2004},
 pages = {2--16},
}
 numpages = {15},
 url = {http://dx.doi.org/10.1109/TNET.2003.822655},
 doi = {10.1109/TNET.2003.822655},
 acmid = {973494},
 publisher = {IEEE Press},
 address = {Piscataway, NJ, USA},
 keywords = {communication system operations and management, internet, measurement, network reliability},
}

@article{keys13midar,
 author = {Keys, K. and Hyun, Y. and Luckie, M. and Claffy, K.},
 title = {{Internet-scale IPv4 Alias Resolution with MIDAR}},
 journal = TON,
 volume = {21},
 number = {2},
 year = {2013},
 pages = {383--399},
}
 numpages = {17},
 url = {http://dx.doi.org/10.1109/TNET.2012.2198887},
 doi = {10.1109/TNET.2012.2198887},
 acmid = {2502380},
 publisher = {IEEE Press},
 address = {Piscataway, NJ, USA},
 keywords = {IP identifier, alias resolution, internet topology, network measurement},
}

@misc{sandvine,
title = {{Global Internet Phenomena Report 1H2014}},
note = {Available at:
	\url{http://www.sandvine.com/trends/global-internet-phenomena}},
author = {Sandvine},
year = {2014}
}

@inproceedings{labovitz10traffic,
 author = {Labovitz, C. and Iekel-Johnson, S. and McPherson, D. and Oberheide, J. and Jahanian, F.},
 title = {{Internet Inter-domain Traffic}},
 booktitle = SIGCOMM,
 year = {2010},
}
 isbn = {978-1-4503-0201-2},
 location = {New Delhi, India},
 pages = {75--86},
 numpages = {12},
 url = {http://doi.acm.org/10.1145/1851182.1851194},
 doi = {10.1145/1851182.1851194},
 acmid = {1851194},
 publisher = {ACM},
 address = {New York, NY, USA},
 keywords = {architecture, inter-domain traffic, internet, peering policies},
}

@article{fraleigh03sprint,
 author = {Fraleigh, C. and Moon, S. and Lyles, B. and Cotton, C. and Khan, M. and Moll, D. and Rockell, R. and Seely, T. and Diot, C.},
 title = {{Packet-level Traffic Measurements from the Sprint IP Backbone}},
 journal = IEEENET,
 volume = {17},
 number = {6},
 year = {2003},
 pages = {6--16},
}
 issn = {0890-8044},
 numpages = {11},
 url = {http://dx.doi.org/10.1109/MNET.2003.1248656},
 doi = {10.1109/MNET.2003.1248656},
 acmid = {2329631},
 publisher = {IEEE Press},
 address = {Piscataway, NJ, USA},
}

@inproceedings{silveira10astute,
 author = {Silveira, F. and Diot, C. and Taft, N. and Govindan, R.},
 title = {{ASTUTE: Detecting a Different Class of Traffic Anomalies}},
 booktitle = SIGCOMM,
 year = {2010},
}
 isbn = {978-1-4503-0201-2},
 location = {New Delhi, India},
 pages = {267--278},
 numpages = {12},
 url = {http://doi.acm.org/10.1145/1851182.1851215},
 doi = {10.1145/1851182.1851215},
 acmid = {1851215},
 publisher = {ACM},
 address = {New York, NY, USA},
 keywords = {anomaly detection, statistical test},
}

@inproceedings{sommers11mpls,
 author = {Sommers, J. and Barford, P. and Eriksson, B.},
 title = {{On the Prevalence and Characteristics of MPLS Deployments in the
	 Open Internet}},
 booktitle = IMC,
 year = {2011}
}
 isbn = {978-1-4503-1013-0},
 location = {Berlin, Germany},
 pages = {445--462},
 numpages = {18},
 url = {http://doi.acm.org/10.1145/2068816.2068858},
 doi = {10.1145/2068816.2068858},
 acmid = {2068858},
 publisher = {ACM},
 address = {New York, NY, USA},
 keywords = {MPLS, traceroute, traffic engineering tunnels},
}

@inproceedings{pathak11mpls,
 author = {Pathak, A. and Zhang, M. and Hu, Y. C. and Mahajan, R. and
Maltz, D.},
 title = {{Latency Inflation with MPLS-based Traffic Engineering}},
 booktitle = IMC,
 year = {2011},
}
 isbn = {978-1-4503-1013-0},
 location = {Berlin, Germany},
 pages = {463--472},
 numpages = {10},
 url = {http://doi.acm.org/10.1145/2068816.2068859},
 doi = {10.1145/2068816.2068859},
 acmid = {2068859},
 publisher = {ACM},
 address = {New York, NY, USA},
 keywords = {LSP, MLPS, autobandwidth, latency},
}


@inproceedings{goodney2010pattern,
  title={Pattern Based Packet Filtering using NetFPGA in DETER Infrastructure},
  author={Goodney, Andrew and Narayan, Shailesh and Bhandwalkar, Vivek and Cho, Young H},
  booktitle={Proc. NetFPGA Developers Workshop},
  year={2010}
}

@inproceedings{chen2010using,
  title={Using netfpga to offload linux netfilter firewall},
  author={Chen, Mou-Sen and Liao, Ming-Yi and Tsai, Pang-Wei and Luo, Mon-Yen and Yang, Chu-Sing and Yeh, C Eugene},
  booktitle={Proc. NetFPGA Developers Workshop},
  year={2010}
}

@article{zhang10rss,
  title = {{RSS: A Reconfigurable Security System Designed on NetFPGA and
	  Virtex5}},
  author={K. Zhang and X. Ding and K. Xiong and B. Yu and S. Dai},
  journal = {International Journal of Communication and Security},
  year = {2010},
  volume = {75}
}

@book{reforgiato12netfpga,
  title={{NetFPGA Architecture and Hardware Description: An Insight of the
	  NetFPGA Platform}},
  author={D. Reforgiato and F. Battaglia},
  year={2012},
  publisher={Lambert Academic Publishing}
}
  url={http://books.google.com.br/books?id=7U1yMAEACAAJ},
  isbn={9783659182136},

@article{lombardo12netfpga,
  title={{NetFPGA Hardware Modules for Input, Output and EWMA Bit-Rate
	  Computation}},
  author={A. Lombardo and D. Reforgiato and V. Riccobene and G. Schembra},
  journal = {Intl. J. of Future Generation Communication and Networking},
  volume={5},
  number={2},
  pages={121--134},
  year={2012}
}

@book{zakaullah2011design,
  title={{Design of 20G Router on NETFPGA: A Way to Design High Speed Network
	  Devices}},
  author={M. Zakaullah},
  year={2011},
  publisher={Lambert Academic Publishing}
}
  isbn={9783847320319},
  url={http://books.google.com.br/books?id=faCxpwAACAAJ},

@book{reale2012netfpga,
  title={{NetFPGA Power Consumption}},
  author={M. Reale and D. R. Recupero},
  year={2012},
  publisher={Lambert Academic Publishing}
}
  isbn={9783848444601},
  url={http://books.google.com.br/books?id=5Q3lugAACAAJ},

@misc{schematicNetfpga,
  title = {{NetFPGA Schematics, Revision 3}},
  author = {{NetFPGA Consortium}},
  howpublished = {\newline\url{http://wiki.netfpga.org/NetFPGA_PCB_r3.pdf}},
}
  note = {Accessed: 2014-11-16}

@misc{wikiNetfpga,
  title = {{NetFPGA Developers Guide}},
  author = {{NetFPGA Consortium}},
  howpublished = {\newline\url{https://github.com/NetFPGA/netfpga/wiki/DevelopersGuide}}}

@misc{develNetfpga,
  title = {{NetFPGA 1G Infrastructure and Gateware}},
  author = {{NetFPGA Consortium}},
  howpublished = {\newline\url{https://github.com/NetFPGA/netfpga}},
}
  note = {Accessed: 2014-11-16}

@book{thomas2002verilog,
  title={{The Verilog Hardware Description Language}},
  author={D. E. Thomas and P. R. Moorby},
  year={2002},
  publisher={Springer}
}

@book{vahid2010digital,
  title={{Digital Design with RTL Design, Verilog and VHDL}},
  author={F. Vahid},
  year={2010},
  publisher={John Wiley \& Sons}
}

@article{casado09ethane,
author={Casado, M. and Freedman, M. J. and Pettit, J. and Jianying L. and Gude, N. and McKeown, N. and Shenker, S.},
journal=TON,
title={{Rethinking Enterprise Network Control}},
year={2009},
volume={17},
number={4},
pages={1270-1283},
}
month={Aug},
doi={10.1109/TNET.2009.2026415},
ISSN={1063-6692},}

@inproceedings{jacobson09content,
 author = {Jacobson, V. and Smetters, D. K. and Thornton, J. D.
	and Plass, M. F. and Briggs, N. H. and Braynard, R. L.},
 title = {{Networking Named Content}},
 booktitle = CONEXT,
 year = {2009},
}
 isbn = {978-1-60558-636-6},
 location = {Rome, Italy},
 pages = {1--12},
 numpages = {12},
 url = {http://doi.acm.org/10.1145/1658939.1658941},
 doi = {10.1145/1658939.1658941},
 acmid = {1658941},
 publisher = {ACM},
 address = {New York, NY, USA},
 keywords = {content routing, content-based security, content-centric networking},
}

@inproceedings{jain13b4,
 author = {Jain, S. and Kumar, A. and Mandal, S. and Ong, J. and Poutievski, L.
and Singh, A. and Venkata, S. and Wanderer, J. and Zhou, J. and Zhu, M. and
Zolla, J. and H\"{o}lzle, U. and Stuart, S. and Vahdat, A.},
 title = {{B4: Experience with a Globally-deployed Software Defined Wan}},
 booktitle = SIGCOMM,
 year = {2013},
}
 isbn = {978-1-4503-2056-6},
 location = {Hong Kong, China},
 pages = {3--14},
 numpages = {12},
 url = {http://doi.acm.org/10.1145/2486001.2486019},
 doi = {10.1145/2486001.2486019},
 acmid = {2486019},
 publisher = {ACM},
 address = {New York, NY, USA},
 keywords = {centralized traffic engineering, openflow, routing, software- defined networking, wide-area networks},
}

@article{mckeown08openflow,
 author = {McKeown, N. and Anderson, T. and Balakrishnan, H. and
	Parulkar, G. and Peterson, L. and Rexford, J. and Shenker, S.
	and Turner, J.},
 title = {{OpenFlow: Enabling Innovation in Campus Networks}},
 journal = CCR,
 volume = {38},
 number = {2},
 year = {2008},
 pages = {69--74}
}
 month = mar,
 issn = {0146-4833},
 numpages = {6},
 url = {http://doi.acm.org/10.1145/1355734.1355746},
 doi = {10.1145/1355734.1355746},
 acmid = {1355746},
 publisher = {ACM},
 address = {New York, NY, USA},
 keywords = {ethernet switch, flow-based, virtualization},

@inproceedings{ratnasamy06multicast,
 author = {Ratnasamy, S. and Ermolinskiy, A. and Shenker, S.},
 title = {{Revisiting IP Multicast}},
 booktitle = SIGCOMM,
 year = {2006},
}
 series = {SIGCOMM '06},
 isbn = {1-59593-308-5},
 location = {Pisa, Italy},
 pages = {15--26},
 numpages = {12},
 url = {http://doi.acm.org/10.1145/1159913.1159917},
 doi = {10.1145/1159913.1159917},
 acmid = {1159917},
 publisher = {ACM},
 address = {New York, NY, USA},
 keywords = {multicas, routing},
}

@inproceedings{han12xia,
 author = {Han, D. and Anand, A. and Dogar, F. and Li, B. and Lim, H.
		and Machado, M. and Mukundan, A. and Wu, W. and Akella, A.
		and Andersen, D. G. and Byers, J. W. and Seshan, S.
		and Steenkiste, P.},
 title = {{XIA: Efficient Support for Evolvable Internetworking}},
 booktitle = NSDI,
 year = {2012},
}
 location = {San Jose, CA},
 pages = {23--23},
 numpages = {1},
 url = {http://dl.acm.org/citation.cfm?id=2228298.2228330},
 acmid = {2228330},
 publisher = {USENIX Association},
 address = {Berkeley, CA, USA},
}
